<collection xmlns="http://www.loc.gov/MARC21/slim">
<record>
  <leader>01106nam0a2200205 i 450 </leader>
  <controlfield tag="001">IT\ICCU\CNCE\050868</controlfield>
  <controlfield tag="005">20030922000000.0</controlfield>
  <datafield tag="012" ind1=" " ind2=" ">
    <subfield code="a">reuo a.a. o.a. 7S6P (3) 1580 (R)</subfield>
    <subfield code="2">fei</subfield>
  </datafield>
  <datafield tag="100" ind1=" " ind2=" ">
    <subfield code="a">20000523d1580        0itac0103    ba</subfield>
  </datafield>
  <datafield tag="101" ind1=" " ind2=" ">
    <subfield code="a">ITA</subfield>
  </datafield>
  <datafield tag="102" ind1=" " ind2=" ">
    <subfield code="a">IT</subfield>
  </datafield>
  <datafield tag="200" ind1="1" ind2=" ">
    <subfield code="a">Dottrina cristiana, et sua dichiaratione. Diuisa in tre parti. Per insegnarsi a putti, e putte per interrogatione  ̉modo di dialogo fra il maestro, e discepolo. Stampata in Loreto, per ordine di monsig. protonotario Vincenzo Casale gouernatore de la Santa Casa. Con la giunta d&apos;alcune lodi spirituali</subfield>
  </datafield>
  <datafield tag="210" ind1=" " ind2=" ">
    <subfield code="a">\Loreto!</subfield>
    <subfield code="c">ad istanza di Claudio Sabini</subfield>
    <subfield code="d">1580</subfield>
    <subfield code="e">\Loreto!</subfield>
    <subfield code="g">ad istanza di Claudio Sabini</subfield>
  </datafield>
  <datafield tag="215" ind1=" " ind2=" ">
    <subfield code="a">72, \36! p.</subfield>
    <subfield code="d">12ʻ</subfield>
  </datafield>
  <datafield tag="620" ind1=" " ind2=" ">
    <subfield code="a">IT</subfield>
    <subfield code="d">Loreto</subfield>
  </datafield>
  <datafield tag="712" ind1="0" ind2="0">
    <subfield code="a">Sabini, Claudio</subfield>
    <subfield code="3">IT\ICCU\CNCT\000617</subfield>
    <subfield code="4">650</subfield>
  </datafield>
  <datafield tag="801" ind1=" " ind2="3">
    <subfield code="a">IT</subfield>
    <subfield code="b">ICCU</subfield>
    <subfield code="c">20201115</subfield>
  </datafield>
  <datafield tag="899" ind1=" " ind2=" ">
    <subfield code="a">Biblioteca-Archivio storico della Santa Casa. Loreto</subfield>
    <subfield code="1">AN0084</subfield>
    <subfield code="2">PBE B2</subfield>
  </datafield>
  <datafield tag="911" ind1=" " ind2=" ">
    <subfield code="a">Nel coloph.</subfield>
    <subfield code="9">IT\ICCU\CNCM\001116</subfield>
  </datafield>
  <datafield tag="921" ind1=" " ind2=" ">
    <subfield code="a">IT\ICCU\CNCM\001116</subfield>
    <subfield code="b">Colomba in atto di spiccare il volo posta sopra un libro chiuso con fermagli</subfield>
    <subfield code="c">U151</subfield>
    <subfield code="d">Dimensioni: 4,5 x 3</subfield>
    <subfield code="f">COLOMBA</subfield>
    <subfield code="f">LIBRO</subfield>
    <subfield code="g">1580-1598</subfield>
  </datafield>
</record>
</collection>
